@misc{nvidiaCollisionDetection,
	author = {},
	title = {{T}hinking {P}arallel, {P}art {I}: {C}ollision {D}etection on the {G}{P}{U} | {N}{V}{I}{D}{I}{A} {T}echnical {B}log --- developer.nvidia.com},
	howpublished = {\url{https://developer.nvidia.com/blog/thinking-parallel-part-i-collision-detection-gpu/}},
	year = {},
	note = {[Accessed 07-12-2023]},
}

@misc{nvidiaTreeTraversal,
	author = {},
	title = {{T}hinking {P}arallel, {P}art {I}{I}: {T}ree {T}raversal on the {G}{P}{U} | {N}{V}{I}{D}{I}{A} {T}echnical {B}log --- developer.nvidia.com},
	howpublished = {\url{https://developer.nvidia.com/blog/thinking-parallel-part-ii-tree-traversal-gpu/}},
	year = {},
	note = {[Accessed 07-12-2023]},
}

@misc{nvidiaTreeConstruction,
	author = {},
	title = {{T}hinking {P}arallel, {P}art {I}{I}{I}: {T}ree {C}onstruction on the {G}{P}{U} | {N}{V}{I}{D}{I}{A} {T}echnical {B}log --- developer.nvidia.com},
	howpublished = {\url{https://developer.nvidia.com/blog/thinking-parallel-part-iii-tree-construction-gpu/}},
	year = {},
	note = {[Accessed 07-12-2023]},
}

@article{Wald2008,
  title = {Fast, parallel, and asynchronous construction of BVHs for ray tracing animated scenes},
  volume = {32},
  ISSN = {0097-8493},
  url = {http://dx.doi.org/10.1016/j.cag.2007.11.004},
  DOI = {10.1016/j.cag.2007.11.004},
  number = {1},
  journal = {Computers \&; Graphics},
  publisher = {Elsevier BV},
  author = {Wald,  Ingo and Ize,  Thiago and Parker,  Steven G.},
  year = {2008},
  month = feb,
  pages = {3–13}
}

@article{Lauterbach2009,
  title = {Fast BVH Construction on GPUs},
  volume = {28},
  ISSN = {1467-8659},
  url = {http://dx.doi.org/10.1111/j.1467-8659.2009.01377.x},
  DOI = {10.1111/j.1467-8659.2009.01377.x},
  number = {2},
  journal = {Computer Graphics Forum},
  publisher = {Wiley},
  author = {Lauterbach,  C. and Garland,  M. and Sengupta,  S. and Luebke,  D. and Manocha,  D.},
  year = {2009},
  month = mar,
  pages = {375–384}
}

@misc{wikipediaZorderCurve,
	author = {},
	title = {{Z}-order curve - {W}ikipedia --- en.wikipedia.org},
	howpublished = {\url{https://en.wikipedia.org/wiki/Z-order_curve}},
	year = {},
	note = {[Accessed 10-12-2023]},
}